%%% 
%%% EXAMPLE OF BIBLIOGRAPHIC DATABASE 
%%% FOR THE GENERATION OF THE LIST OF REFERENCES USING BibTeX 
%%% 
%%% 
%%% Recommended software for the maintenance of bibliographic databases:
%%%     JabRef, http://jabref.sourceforge.net/
%%% 
%%% WARNING!
%%%    1. Letters in the titles to be always printed in uppercase 
%%%       must be enclosed in braces  ({T}hailand, {HIV})
%%%    2. After each change in the citations or in the bib file the entire document 
%%%       must be recompiled by the sequence latex+bibtex+latex+latex
%%%%  ===========================================================================

@book{ProofArgsAndZk,
  title={Proofs, Arguments, and Zero-Knowledge},
  author={Thaler, J.},
  isbn={9781638281252},
  series={Foundations and Trends in Privacy and Security},
  url={https://books.google.cz/books?id=imSazwEACAAJ},
  year={2022},
  publisher={Now Publishers}
}

@misc{IOP,
      author = {Eli Ben-Sasson and Alessandro Chiesa and Nicholas Spooner},
      title = {Interactive Oracle Proofs},
      howpublished = {Cryptology ePrint Archive, Paper 2016/116},
      year = {2016},
      note = {\url{https://eprint.iacr.org/2016/116}},
      url = {https://eprint.iacr.org/2016/116}
}

@misc{shplonk,
      author = {Dan Boneh and Justin Drake and Ben Fisch and Ariel Gabizon},
      title = {Efficient polynomial commitment schemes for multiple points and polynomials},
      howpublished = {Cryptology ePrint Archive, Paper 2020/081},
      year = {2020},
      note = {\url{https://eprint.iacr.org/2020/081}},
      url = {https://eprint.iacr.org/2020/081}
}

@article{BarycentricLagrange,
    author = {Berrut, Jean-Paul and Trefethen, Lloyd N.},
    title = {Barycentric Lagrange Interpolation},
    journal = {SIAM Review},
    volume = {46},
    number = {3},
    pages = {501-517},
    year = {2004},
    doi = {10.1137/S0036144502417715},
    URL = {https://doi.org/10.1137/S0036144502417715},
    eprint = {https://doi.org/10.1137/S0036144502417715}
}

@misc{pipeMSM,
      author = {Charles. F. Xavier},
      title = {PipeMSM: Hardware Acceleration for Multi-Scalar Multiplication},
      howpublished = {Cryptology ePrint Archive, Paper 2022/999},
      year = {2022},
      note = {\url{https://eprint.iacr.org/2022/999}},
      url = {https://eprint.iacr.org/2022/999}
}


@misc{turboplonk,
      author = {Miguel Ambrona and Anne-Laure Schmitt and Raphael R.  Toledo and Danny Willems},
      title = {New optimization techniques for PlonK’s arithmetization},
      howpublished = {Cryptology ePrint Archive, Paper 2022/462},
      year = {2022},
      note = {\url{https://eprint.iacr.org/2022/462}},
      url = {https://eprint.iacr.org/2022/462}
}

@article{cooley-fft
    ,note={URL: {\tt http://cr.yp.to/\allowbreak bib/\allowbreak entries.html\#\allowbreak 1965/\allowbreak cooley}}
    ,author={James W. Cooley and John W. Tukey}
    ,ISSN={0025--5718}
    ,journal={Mathematics of Computation}
    ,MR={31:2843}
    ,pages={297--301}
    ,title={{An algorithm for the machine calculation of complex Fourier series}}
    ,volume={19}
,year={1965}
}

@inproceedings{Pippengers,
  title={Pippenger's Multiproduct and Multiexponentiation Algorithms (Extended Version)},
  author={Ryan Henry and David R. Cheriton and Northeastern Ontario},
  year={2010},
  url={https://api.semanticscholar.org/CorpusID:168527}
}

@misc{halo,
      author = {Sean Bowe and Jack Grigg and Daira Hopwood},
      title = {Recursive Proof Composition without a Trusted Setup},
      howpublished = {Cryptology ePrint Archive, Paper 2019/1021},
      year = {2019},
      note = {\url{https://eprint.iacr.org/2019/1021}},
      url = {https://eprint.iacr.org/2019/1021}
}

@misc{HyperPlonk,
      author = {Binyi Chen and Benedikt Bünz and Dan Boneh and Zhenfei Zhang},
      title = {HyperPlonk: Plonk with Linear-Time Prover and High-Degree Custom Gates},
      howpublished = {Cryptology ePrint Archive, Paper 2022/1355},
      year = {2022},
      note = {\url{https://eprint.iacr.org/2022/1355}},
      url = {https://eprint.iacr.org/2022/1355}
}

@misc{plookup,
      author = {Ariel Gabizon and Zachary J.  Williamson},
      title = {plookup: A simplified polynomial protocol for lookup tables},
      howpublished = {Cryptology ePrint Archive, Paper 2020/315},
      year = {2020},
      note = {\url{https://eprint.iacr.org/2020/315}},
      url = {https://eprint.iacr.org/2020/315}
}

@inproceedings{KZG,
  title={Constant-Size Commitments to Polynomials and Their Applications},
  booktitle={Advances in Cryptology - ASIACRYPT 2010 - 16th International Conference on the Theory and Application of Cryptology and Information Security},
  series={Lecture Notes in Computer Science},
  publisher={Springer},
  volume={6477},
  pages={177-194},
  url={https://www.iacr.org/archive/asiacrypt2010/6477178/6477178.pdf},
  doi={10.1007/978-3-642-17373-8_11},
  author={Aniket Kate and Gregory M. Zaverucha and Ian Goldberg},
  year=2010
}

@article{MultivariateSZLemma,
   title={The Multivariate Schwartz--Zippel Lemma},
   volume={36},
   ISSN={1095-7146},
   url={http://dx.doi.org/10.1137/20M1333869},
   DOI={10.1137/20m1333869},
   number={2},
   journal={SIAM Journal on Discrete Mathematics},
   publisher={Society for Industrial & Applied Mathematics (SIAM)},
   author={Levent Doğan, M. and Ergür, Alperen A. and Mundo, Jake D. and Tsigaridas, Elias},
   year={2022},
   month=apr, pages={888–910} 
}


@article{WEGMAN-kwise-hash,
    title = {New hash functions and their use in authentication and set equality},
    journal = {Journal of Computer and System Sciences},
    volume = {22},
    number = {3},
    pages = {265-279},
    year = {1981},
    issn = {0022-0000},
    doi = {https://doi.org/10.1016/0022-0000(81)90033-7},
    url = {https://www.sciencedirect.com/science/article/pii/0022000081900337},
    author = {Mark N. Wegman and J.Lawrence Carter},
}

@inproceedings{fiat-shamir,
  title={How to Prove Yourself: Practical Solutions to Identification and Signature Problems},
  booktitle={Advances in Cryptology - CRYPTO '86, Santa Barbara, California, USA, 1986, Proceedings},
  series={Lecture Notes in Computer Science},
  publisher={Springer},
  volume={263},
  pages={186-194},
  doi={10.1007/3-540-47721-7_12},
  author={Amos Fiat and Adi Shamir},
  year=1986
}

@article{article,
author = {Trefethen, Lloyd},
year = {2002},
month = {12},
pages = {},
title = {Barycentric Lagrange Interpolation},
volume = {46},
journal = {SIAM Review},
doi = {10.1137/S0036144502417715}
}

@misc{tomas,
    author = {Tomáš Krňák},
    title = {Personal Conversation about PlonK acceleration},
    year = {2024},
}

@misc{Boneh2024,
    author = {Dan Boneh},
    title = {Building a SNARK (Part I)},
    url = {https://zkhack.dev/whiteboard/module-two/},
    note = {Table retrieved from slide 18},
}

@misc{plonk,
      author = {Ariel Gabizon and Zachary J.  Williamson and Oana Ciobotaru},
      title = {PLONK: Permutations over Lagrange-bases for Oecumenical Noninteractive arguments of Knowledge},
      howpublished = {Cryptology ePrint Archive, Paper 2019/953},
      year = {2019},
      note = {\url{https://eprint.iacr.org/2019/953}},
      url = {https://eprint.iacr.org/2019/953}
}

@article{how-snark-works,
  author       = {Maksym Petkus},
  title        = {Why and How zk-SNARK Works},
  journal      = {CoRR},
  year         = {2019},
  url          = {http://arxiv.org/abs/1906.07221},
  eprinttype    = {arXiv},
  eprint       = {1906.07221},
  timestamp    = {Mon, 24 Jun 2019 17:28:45 +0200},
  bibsource    = {dblp computer science bibliography, https://dblp.org}
}

@inproceedings{snark-introduction,
  title={zk-SNARKs: A Gentle Introduction},
  author={Anca Nitulescu},
  year={2020},
  url={https://api.semanticscholar.org/CorpusID:211530704}
}

@misc{weak-FS,
      author = {Quang Dao and Jim Miller and Opal Wright and Paul Grubbs},
      title = {Weak Fiat-Shamir Attacks on Modern Proof Systems},
      howpublished = {Cryptology ePrint Archive, Paper 2023/691},
      year = {2023},
      note = {\url{https://eprint.iacr.org/2023/691}},
      url = {https://eprint.iacr.org/2023/691}
}

@INPROCEEDINGS{schwartz-lemma,
  author={Agrawal, M. and Biswas, S.},
  booktitle={40th Annual Symposium on Foundations of Computer Science (Cat. No.99CB37039)}, 
  title={Primality and identity testing via Chinese remaindering}, 
  year={1999},
  volume={},
  number={},
  pages={202-208},
  keywords={Testing;Polynomials;Circuits;Arithmetic;Computer science;Binary decision diagrams},
  doi={10.1109/SFFCS.1999.814592}
}


@misc{ec-pairings,
      author = {Marta Bellés-Muñoz and Jorge Jiménez Urroz and Javier Silva},
      title = {Revisiting cycles of pairing-friendly elliptic curves},
      howpublished = {Cryptology ePrint Archive, Paper 2022/1662},
      year = {2022},
      note = {\url{https://eprint.iacr.org/2022/1662}},
      url = {https://eprint.iacr.org/2022/1662}
}

@ARTICLE{circom,
  author={Bellés-Muñoz, Marta and Isabel, Miguel and Muñoz-Tapia, Jose Luis and Rubio, Albert and Baylina, Jordi},
  journal={IEEE Transactions on Dependable and Secure Computing}, 
  title={Circom: A Circuit Description Language for Building Zero-Knowledge Applications}, 
  year={2023},
  volume={20},
  number={6},
  pages={4733-4751},
  keywords={Arithmetic;Wires;Logic gates;Smart contracts;Libraries;Distributed ledger;Program processors;Zero-knowledge proof;circuit;domain-specific language;compiler;blockchain},
  doi={10.1109/TDSC.2022.3232813}
}

@misc{bulletproof,
      author = {Benedikt Bünz and Jonathan Bootle and Dan Boneh and Andrew Poelstra and Pieter Wuille and Greg Maxwell},
      title = {Bulletproofs: Short Proofs for Confidential Transactions and More},
      howpublished = {Cryptology ePrint Archive, Paper 2017/1066},
      year = {2017},
      note = {\url{https://eprint.iacr.org/2017/1066}},
      url = {https://eprint.iacr.org/2017/1066}
}

@inproceedings{fri,
  title={Fast Reed-Solomon Interactive Oracle Proofs of Proximity},
  author={Eli Ben-Sasson and Iddo Bentov and Yinon Horesh and Michael Riabzev},
  booktitle={Electron. Colloquium Comput. Complex.},
  year={2017},
  url={https://api.semanticscholar.org/CorpusID:5637668}
}

@software{arkworks,
  author = {arkworks contributors},
  title = {\texttt{arkworks} zkSNARK ecosystem},
  url = {https://arkworks.rs},
  year = {2022},
}

@misc{plonk-without-fft,
    author = {Justin Drake},
    title = {PLONK without FFTs},
    url = {https://www.youtube.com/watch?v=ffXgxvlCBvo&t=2146s},
    year = {2020},
    note = {Presented at zkSummit5}
}