%%% 
%%% EXAMPLE OF BIBLIOGRAPHIC DATABASE 
%%% FOR THE GENERATION OF THE LIST OF REFERENCES USING BibTeX 
%%% 
%%% 
%%% Recommended software for the maintenance of bibliographic databases:
%%%     JabRef, http://jabref.sourceforge.net/
%%% 
%%% WARNING!
%%%    1. Letters in the titles to be always printed in uppercase 
%%%       must be enclosed in braces  ({T}hailand, {HIV})
%%%    2. After each change in the citations or in the bib file the entire document 
%%%       must be recompiled by the sequence latex+bibtex+latex+latex
%%%%  ===========================================================================

@book{ProofArgsAndZk,
  title={Proofs, Arguments, and Zero-Knowledge},
  author={Thaler, J.},
  isbn={9781638281252},
  series={Foundations and Trends in Privacy and Security},
  url={https://books.google.cz/books?id=imSazwEACAAJ},
  year={2022},
  publisher={Now Publishers}
}

@misc{IOP,
      author = {Eli Ben-Sasson and Alessandro Chiesa and Nicholas Spooner},
      title = {Interactive Oracle Proofs},
      howpublished = {Cryptology ePrint Archive, Paper 2016/116},
      year = {2016},
      note = {\url{https://eprint.iacr.org/2016/116}},
      url = {https://eprint.iacr.org/2016/116}
}

@misc{shplonk,
      author = {Dan Boneh and Justin Drake and Ben Fisch and Ariel Gabizon},
      title = {Efficient polynomial commitment schemes for multiple points and polynomials},
      howpublished = {Cryptology ePrint Archive, Paper 2020/081},
      year = {2020},
      note = {\url{https://eprint.iacr.org/2020/081}},
      url = {https://eprint.iacr.org/2020/081}
}

@misc{turboplonk,
      author = {Miguel Ambrona and Anne-Laure Schmitt and Raphael R.  Toledo and Danny Willems},
      title = {New optimization techniques for PlonK’s arithmetization},
      howpublished = {Cryptology ePrint Archive, Paper 2022/462},
      year = {2022},
      note = {\url{https://eprint.iacr.org/2022/462}},
      url = {https://eprint.iacr.org/2022/462}
}



@misc{FRI,
      author = {Ulrich Haböck},
      title = {A summary on the FRI low degree test},
      howpublished = {Cryptology ePrint Archive, Paper 2022/1216},
      year = {2022},
      note = {\url{https://eprint.iacr.org/2022/1216}},
      url = {https://eprint.iacr.org/2022/1216}
}


@misc{HyperPlonk,
      author = {Binyi Chen and Benedikt Bünz and Dan Boneh and Zhenfei Zhang},
      title = {HyperPlonk: Plonk with Linear-Time Prover and High-Degree Custom Gates},
      howpublished = {Cryptology ePrint Archive, Paper 2022/1355},
      year = {2022},
      note = {\url{https://eprint.iacr.org/2022/1355}},
      url = {https://eprint.iacr.org/2022/1355}
}

@misc{plookup,
      author = {Ariel Gabizon and Zachary J.  Williamson},
      title = {plookup: A simplified polynomial protocol for lookup tables},
      howpublished = {Cryptology ePrint Archive, Paper 2020/315},
      year = {2020},
      note = {\url{https://eprint.iacr.org/2020/315}},
      url = {https://eprint.iacr.org/2020/315}
}

@inproceedings{KZG,
  title={Constant-Size Commitments to Polynomials and Their Applications},
  booktitle={Advances in Cryptology - ASIACRYPT 2010 - 16th International Conference on the Theory and Application of Cryptology and Information Security},
  series={Lecture Notes in Computer Science},
  publisher={Springer},
  volume={6477},
  pages={177-194},
  url={https://www.iacr.org/archive/asiacrypt2010/6477178/6477178.pdf},
  doi={10.1007/978-3-642-17373-8_11},
  author={Aniket Kate and Gregory M. Zaverucha and Ian Goldberg},
  year=2010
}

@article{MultivariateSZLemma,
   title={The Multivariate Schwartz--Zippel Lemma},
   volume={36},
   ISSN={1095-7146},
   url={http://dx.doi.org/10.1137/20M1333869},
   DOI={10.1137/20m1333869},
   number={2},
   journal={SIAM Journal on Discrete Mathematics},
   publisher={Society for Industrial & Applied Mathematics (SIAM)},
   author={Levent Doğan, M. and Ergür, Alperen A. and Mundo, Jake D. and Tsigaridas, Elias},
   year={2022},
   month=apr, pages={888–910} 
}


@article{WEGMAN-kwise-hash,
    title = {New hash functions and their use in authentication and set equality},
    journal = {Journal of Computer and System Sciences},
    volume = {22},
    number = {3},
    pages = {265-279},
    year = {1981},
    issn = {0022-0000},
    doi = {https://doi.org/10.1016/0022-0000(81)90033-7},
    url = {https://www.sciencedirect.com/science/article/pii/0022000081900337},
    author = {Mark N. Wegman and J.Lawrence Carter},
}

@inproceedings{fiat-shamir,
  title={How to Prove Yourself: Practical Solutions to Identification and Signature Problems},
  booktitle={Advances in Cryptology - CRYPTO '86, Santa Barbara, California, USA, 1986, Proceedings},
  series={Lecture Notes in Computer Science},
  publisher={Springer},
  volume={263},
  pages={186-194},
  doi={10.1007/3-540-47721-7_12},
  author={Amos Fiat and Adi Shamir},
  year=1986
}